<?xml version="1.0" ?>
<Document xmlns="urn:iso:std:iso:20022:tech:xsd:pain.001.001.04" xmlns:xsi="http://www.w3.org/2001/XMLSchema-instance" xsi:schemaLocation="urn:iso:std:iso:20022:tech:xsd:pain.001.001.04 pain.001.001.04.xsd">
	<CstmrCdtTrfInitn>
		<GrpHdr>
			<MsgId>1</MsgId>
			<CreDtTm>2023-03-10T15:30:47.000Z</CreDtTm>
			<NbOfTxs>2</NbOfTxs>
			<InitgPty>
				<Nm>John Doe</Nm>
			</InitgPty>
		</GrpHdr>
		<PmtInf>
			<PmtInfId>Payment-Info-12345</PmtInfId>
			<PmtMtd>TRF</PmtMtd>
			<BtchBookg>true</BtchBookg>
			<NbOfTxs>2</NbOfTxs>
			<CtrlSum>2</CtrlSum>
			<PmtTpInf>
				<SvcLvl>
					<Cd>SEPA</Cd>
				</SvcLvl>
			</PmtTpInf>
			<ReqdExctnDt>2023-03-12</ReqdExctnDt>
			<Dbtr>
				<Nm>Acme Corp</Nm>
			</Dbtr>
			<DbtrAcct>
				<Id>
					<IBAN>DE75512108001245126162</IBAN>
				</Id>
			</DbtrAcct>
			<DbtrAgt>
				<FinInstnId>
					<BICFI>BANKDEFFXXX</BICFI>
				</FinInstnId>
			</DbtrAgt>
			<CdtTrfTxInf>
				<PmtId>
					<EndToEndId>PaymentID6789</EndToEndId>
				</PmtId>
				<Amt>
					<InstdAmt Ccy="EUR">150.00</InstdAmt>
				</Amt>
				<CdtrAgt>
					<FinInstnId>
						<BICFI>SPUEDE2UXXX</BICFI>
					</FinInstnId>
				</CdtrAgt>
				<Cdtr>
					<Nm>Global Tech</Nm>
				</Cdtr>
				<CdtrAcct>
					<Id>
						<IBAN>DE68210501700024690959</IBAN>
					</Id>
				</CdtrAcct>
				<RmtInf>
					<Ustrd>Invoice-98765</Ustrd>
				</RmtInf>
			</CdtTrfTxInf>
		</PmtInf>
		<PmtInf>
			<PmtInfId>Payment-Info-67890</PmtInfId>
			<PmtMtd>TRF</PmtMtd>
			<BtchBookg>true</BtchBookg>
			<NbOfTxs>3</NbOfTxs>
			<CtrlSum>3</CtrlSum>
			<PmtTpInf>
				<SvcLvl>
					<Cd>SEPA</Cd>
				</SvcLvl>
			</PmtTpInf>
			<ReqdExctnDt>2023-03-14</ReqdExctnDt>
			<Dbtr>
				<Nm>Brown Industries</Nm>
			</Dbtr>
			<DbtrAcct>
				<Id>
					<IBAN>DE44500105175407324931</IBAN>
				</Id>
			</DbtrAcct>
			<DbtrAgt>
				<FinInstnId>
					<BICFI>BANKDEFFXXX</BICFI>
				</FinInstnId>
			</DbtrAgt>
			<CdtTrfTxInf>
				<PmtId>
					<EndToEndId>PaymentID4321</EndToEndId>
				</PmtId>
				<Amt>
					<InstdAmt Ccy="EUR">300.00</InstdAmt>
				</Amt>
				<CdtrAgt>
					<FinInstnId>
						<BICFI>SPUEDE2UXXX</BICFI>
					</FinInstnId>
				</CdtrAgt>
				<Cdtr>
					<Nm>Green Energy</Nm>
				</Cdtr>
				<CdtrAcct>
					<Id>
						<IBAN>DE89370400440532013008</IBAN>
					</Id>
				</CdtrAcct>
				<RmtInf>
					<Ustrd>Invoice-12345</Ustrd>
				</RmtInf>
			</CdtTrfTxInf>
		</PmtInf>
		<PmtInf>
			<PmtInfId>Payment-Info-24680</PmtInfId>
			<PmtMtd>TRF</PmtMtd>
			<BtchBookg>true</BtchBookg>
			<NbOfTxs>1</NbOfTxs>
			<CtrlSum>1</CtrlSum>
			<PmtTpInf>
				<SvcLvl>
					<Cd>SEPA</Cd>
				</SvcLvl>
			</PmtTpInf>
			<ReqdExctnDt>2023-03-13</ReqdExctnDt>
			<Dbtr>
				<Nm>Alpha Electronics</Nm>
			</Dbtr>
			<DbtrAcct>
				<Id>
					<IBAN>DE47500105175711000100</IBAN>
				</Id>
			</DbtrAcct>
			<DbtrAgt>
				<FinInstnId>
					<BICFI>BANKDEFFXXX</BICFI>
				</FinInstnId>
			</DbtrAgt>
			<CdtTrfTxInf>
				<PmtId>
					<EndToEndId>PaymentID1357</EndToEndId>
				</PmtId>
				<Amt>
					<InstdAmt Ccy="EUR">250.00</InstdAmt>
				</Amt>
				<CdtrAgt>
					<FinInstnId>
						<BICFI>SPUEDE2UXXX</BICFI>
					</FinInstnId>
				</CdtrAgt>
				<Cdtr>
					<Nm>Beta Chemicals</Nm>
				</Cdtr>
				<CdtrAcct>
					<Id>
						<IBAN>DE44500105175407123457</IBAN>
					</Id>
				</CdtrAcct>
				<RmtInf>
					<Ustrd>Invoice-24680</Ustrd>
				</RmtInf>
			</CdtTrfTxInf>
		</PmtInf>
		<PmtInf>
			<PmtInfId>Payment-Info-86420</PmtInfId>
			<PmtMtd>TRF</PmtMtd>
			<BtchBookg>true</BtchBookg>
			<NbOfTxs>2</NbOfTxs>
			<CtrlSum>2</CtrlSum>
			<PmtTpInf>
				<SvcLvl>
					<Cd>SEPA</Cd>
				</SvcLvl>
			</PmtTpInf>
			<ReqdExctnDt>2023-03-15</ReqdExctnDt>
			<Dbtr>
				<Nm>Delta Manufacturing</Nm>
			</Dbtr>
			<DbtrAcct>
				<Id>
					<IBAN>DE25500105176602214896</IBAN>
				</Id>
			</DbtrAcct>
			<DbtrAgt>
				<FinInstnId>
					<BICFI>BANKDEFFXXX</BICFI>
				</FinInstnId>
			</DbtrAgt>
			<CdtTrfTxInf>
				<PmtId>
					<EndToEndId>PaymentID2468</EndToEndId>
				</PmtId>
				<Amt>
					<InstdAmt Ccy="EUR">175.00</InstdAmt>
				</Amt>
				<CdtrAgt>
					<FinInstnId>
						<BICFI>SPUEDE2UXXX</BICFI>
					</FinInstnId>
				</CdtrAgt>
				<Cdtr>
					<Nm>Gamma Logistics</Nm>
				</Cdtr>
				<CdtrAcct>
					<Id>
						<IBAN>DE53500105176502098765</IBAN>
					</Id>
				</CdtrAcct>
				<RmtInf>
					<Ustrd>Invoice-86420</Ustrd>
				</RmtInf>
			</CdtTrfTxInf>
		</PmtInf>
		<PmtInf>
			<PmtInfId>Payment-Info-59162</PmtInfId>
			<PmtMtd>TRF</PmtMtd>
			<BtchBookg>true</BtchBookg>
			<NbOfTxs>3</NbOfTxs>
			<CtrlSum>3</CtrlSum>
			<PmtTpInf>
				<SvcLvl>
					<Cd>SEPA</Cd>
				</SvcLvl>
			</PmtTpInf>
			<ReqdExctnDt>2023-03-16</ReqdExctnDt>
			<Dbtr>
				<Nm>Smart Solutions</Nm>
			</Dbtr>
			<DbtrAcct>
				<Id>
					<IBAN>DE86500105174603245678</IBAN>
				</Id>
			</DbtrAcct>
			<DbtrAgt>
				<FinInstnId>
					<BICFI>BANKDEFFXXX</BICFI>
				</FinInstnId>
			</DbtrAgt>
			<CdtTrfTxInf>
				<PmtId>
					<EndToEndId>PaymentID4815</EndToEndId>
				</PmtId>
				<Amt>
					<InstdAmt Ccy="EUR">225.00</InstdAmt>
				</Amt>
				<CdtrAgt>
					<FinInstnId>
						<BICFI>SPUEDE2UXXX</BICFI>
					</FinInstnId>
				</CdtrAgt>
				<Cdtr>
					<Nm>Eco Innovations</Nm>
				</Cdtr>
				<CdtrAcct>
					<Id>
						<IBAN>DE18500105175001478962</IBAN>
					</Id>
				</CdtrAcct>
				<RmtInf>
					<Ustrd>Invoice-59162</Ustrd>
				</RmtInf>
			</CdtTrfTxInf>
		</PmtInf>
	</CstmrCdtTrfInitn>
</Document>
