<?xml version="1.0" encoding="UTF-8"?>
<Document xmlns="urn:iso:std:iso:20022:tech:xsd:pain.001.001.05">
	<CstmrCdtTrfInitn>
		<GrpHdr>
			<MsgId>1</MsgId>
			<CreDtTm>2023-03-10T15:30:47.000Z</CreDtTm>
			<NbOfTxs>2</NbOfTxs>
			<InitgPty>
				<Nm>John Doe</Nm>
			</InitgPty>
		</GrpHdr>

		<PmtInf>
			<PmtInfId>Payment-Info-12345</PmtInfId>
			<PmtMtd>TRF</PmtMtd>
			<BtchBookg>true</BtchBookg>
			<NbOfTxs>2</NbOfTxs>
			<CtrlSum>2</CtrlSum>
			<PmtTpInf>
				<SvcLvl>
					<Cd>SEPA</Cd>
				</SvcLvl>
			</PmtTpInf>
			<ReqdExctnDt>2023-03-12</ReqdExctnDt>
			<Dbtr>
				<Nm>Acme Corp</Nm>
			</Dbtr>
			<DbtrAcct>
				<Id>
					<IBAN>DE75512108001245126162</IBAN>
				</Id>
			</DbtrAcct>
			<DbtrAgt>
				<FinInstnId>
					<BICFI>BANKDEFFXXX</BICFI>
				</FinInstnId>
			</DbtrAgt>
			<CdtTrfTxInf>
				<PmtId>
					<EndToEndId>PaymentID6789</EndToEndId>
				</PmtId>
				<Amt>
					<InstdAmt Ccy="EUR">150.00</InstdAmt>
				</Amt>
				<CdtrAgt>
					<FinInstnId>
						<BICFI>SPUEDE2UXXX</BICFI>
					</FinInstnId>
				</CdtrAgt>
				<Cdtr>
					<Nm>Global Tech</Nm>
				</Cdtr>
				<CdtrAcct>
					<Id>
						<IBAN>DE68210501700024690959</IBAN>
					</Id>
				</CdtrAcct>
				<RmtInf>
					<Ustrd>Invoice-98765</Ustrd>
				</RmtInf>
			</CdtTrfTxInf>
		</PmtInf>
	</CstmrCdtTrfInitn>
</Document>