<?xml version="1.0"?>
<Document xmlns="urn:iso:std:iso:20022:tech:xsd:pain.001.001.03"
	xmlns:xsi="http://www.w3.org/2001/XMLSchema-instance"
	xsi:schemaLocation="urn:iso:std:iso:20022:tech:xsd:pain.001.001.03 pain.001.001.03.xsd">
	<CstmrCdtTrfInitn>
		<GrpHdr>
			<MsgId>Payment-Information-ID-4711</MsgId>
			<CreDtTm>2010-11-11T09:30:47.000Z</CreDtTm>
			<NbOfTxs>2</NbOfTxs>
			<InitgPty>
				<Nm>Initiator Name</Nm>
			</InitgPty>
		</GrpHdr>
		<PmtInf>
			<PmtInfId>Payment-Information-ID-4711</PmtInfId>
			<PmtMtd>TRF</PmtMtd>
			<BtchBookg>true</BtchBookg>
			<NbOfTxs>2</NbOfTxs>
			<CtrlSum>2</CtrlSum>
			<PmtTpInf>
				<SvcLvl>
					<Cd>SEPA</Cd>
				</SvcLvl>
			</PmtTpInf>
			<ReqdExctnDt>2010-11-25</ReqdExctnDt>
			<Dbtr>
				<Nm>Debtor Name</Nm>
			</Dbtr>
			<DbtrAcct>
				<Id>
					<IBAN>DE87200500001234567890</IBAN>
				</Id>
			</DbtrAcct>
			<DbtrAgt>
				<FinInstnId>
					<BIC>BANKDEFFXXX</BIC>
				</FinInstnId>
			</DbtrAgt>
			<ChrgBr>SLEV</ChrgBr>
			<CdtTrfTxInf>
				<PmtId>
					<EndToEndId>OriginatorID1234</EndToEndId>
				</PmtId>
				<Amt>
					<InstdAmt Ccy="EUR">6543.14</InstdAmt>
				</Amt>
				<CdtrAgt>
					<FinInstnId>
						<BIC>SPUEDE2UXXX</BIC>
					</FinInstnId>
				</CdtrAgt>
				<Cdtr>
					<Nm>Creditor1</Nm>
				</Cdtr>
				<RmtInf>
					<Ustrd>Remittance1</Ustrd>
				</RmtInf>
			</CdtTrfTxInf>
		</PmtInf>
	</CstmrCdtTrfInitn>
</Document>