<?xml version="1.0"?>
<Document xmlns="urn:iso:std:iso:20022:tech:xsd:pain.001.001.03"
	xmlns:xsi="http://www.w3.org/2001/XMLSchema-instance"
	xsi:schemaLocation="urn:iso:std:iso:20022:tech:xsd:pain.001.001.03 pain.001.001.03.xsd">
	<CstmrCdtTrfInitn>
		<GrpHdr>
			<MsgId>1</MsgId>
			<CreDtTm>2023-03-10T15:30:47.000Z</CreDtTm>
			<NbOfTxs>2</NbOfTxs>
			<InitgPty>
				<Nm>John Doe</Nm>
			</InitgPty>
		</GrpHdr>
		<PmtInf>
			<PmtInfId>Payment-Info-12345</PmtInfId>
			<PmtMtd>TRF</PmtMtd>
			<BtchBookg>true</BtchBookg>
			<NbOfTxs>2</NbOfTxs>
			<CtrlSum>15000</CtrlSum>
			<PmtTpInf>
				<SvcLvl>
					<Cd>SEPA</Cd>
				</SvcLvl>
			</PmtTpInf>
			<ReqdExctnDt>2023-03-12</ReqdExctnDt>
			<Dbtr>
				<Nm>Acme Corp</Nm>
			</Dbtr>
			<DbtrAcct>
				<Id>
					<IBAN>DE75512108001245126162</IBAN>
				</Id>
			</DbtrAcct>
			<DbtrAgt>
				<FinInstnId>
					<BIC>BANKDEFFXXX</BIC>
				</FinInstnId>
			</DbtrAgt>
			<ChrgBr>SLEV</ChrgBr>
			<CdtTrfTxInf>
				<PmtId>
					<EndToEndId>PaymentID6789</EndToEndId>
				</PmtId>
				<Amt>
					<InstdAmt Ccy="EUR">150.00</InstdAmt>
				</Amt>
				<CdtrAgt>
					<FinInstnId>
						<BIC>SPUEDE2UXXX</BIC>
					</FinInstnId>
				</CdtrAgt>
				<Cdtr>
					<Nm>Global Tech</Nm>
				</Cdtr>
				<RmtInf>
					<Ustrd>Invoice-12345</Ustrd>
				</RmtInf>
			</CdtTrfTxInf>
		</PmtInf>
		<PmtInf>
			<PmtInfId>Payment-Info-12345</PmtInfId>
			<PmtMtd>TRF</PmtMtd>
			<BtchBookg>true</BtchBookg>
			<NbOfTxs>2</NbOfTxs>
			<CtrlSum>15000</CtrlSum>
			<PmtTpInf>
				<SvcLvl>
					<Cd>SEPA</Cd>
				</SvcLvl>
			</PmtTpInf>
			<ReqdExctnDt>2023-03-12</ReqdExctnDt>
			<Dbtr>
				<Nm>Acme Corp</Nm>
			</Dbtr>
			<DbtrAcct>
				<Id>
					<IBAN>DE75512108001245126162</IBAN>
				</Id>
			</DbtrAcct>
			<DbtrAgt>
				<FinInstnId>
					<BIC>BANKDEFFXXX</BIC>
				</FinInstnId>
			</DbtrAgt>
			<ChrgBr>SLEV</ChrgBr>
			<CdtTrfTxInf>
				<PmtId>
					<EndToEndId>PaymentID6789</EndToEndId>
				</PmtId>
				<Amt>
					<InstdAmt Ccy="EUR">150.00</InstdAmt>
				</Amt>
				<CdtrAgt>
					<FinInstnId>
						<BIC>SPUEDE2UXXX</BIC>
					</FinInstnId>
				</CdtrAgt>
				<Cdtr>
					<Nm>Global Tech</Nm>
				</Cdtr>
				<RmtInf>
					<Ustrd>Invoice-12345</Ustrd>
				</RmtInf>
			</CdtTrfTxInf>
		</PmtInf>
		<PmtInf>
			<PmtInfId>Payment-Info-67890</PmtInfId>
			<PmtMtd>TRF</PmtMtd>
			<BtchBookg>true</BtchBookg>
			<NbOfTxs>3</NbOfTxs>
			<CtrlSum>30000</CtrlSum>
			<PmtTpInf>
				<SvcLvl>
					<Cd>SEPA</Cd>
				</SvcLvl>
			</PmtTpInf>
			<ReqdExctnDt>2023-03-14</ReqdExctnDt>
			<Dbtr>
				<Nm>Brown Industries</Nm>
			</Dbtr>
			<DbtrAcct>
				<Id>
					<IBAN>DE44500105175407324931</IBAN>
				</Id>
			</DbtrAcct>
			<DbtrAgt>
				<FinInstnId>
					<BIC>BANKDEFFXXX</BIC>
				</FinInstnId>
			</DbtrAgt>
			<ChrgBr>SLEV</ChrgBr>
			<CdtTrfTxInf>
				<PmtId>
					<EndToEndId>PaymentID4321</EndToEndId>
				</PmtId>
				<Amt>
					<InstdAmt Ccy="EUR">300.00</InstdAmt>
				</Amt>
				<CdtrAgt>
					<FinInstnId>
						<BIC>SPUEDE2UXXX</BIC>
					</FinInstnId>
				</CdtrAgt>
				<Cdtr>
					<Nm>Green Energy</Nm>
				</Cdtr>
				<RmtInf>
					<Ustrd>Invoice-67890</Ustrd>
				</RmtInf>
			</CdtTrfTxInf>
		</PmtInf>
		<PmtInf>
			<PmtInfId>Payment-Info-67890</PmtInfId>
			<PmtMtd>TRF</PmtMtd>
			<BtchBookg>true</BtchBookg>
			<NbOfTxs>3</NbOfTxs>
			<CtrlSum>30000</CtrlSum>
			<PmtTpInf>
				<SvcLvl>
					<Cd>SEPA</Cd>
				</SvcLvl>
			</PmtTpInf>
			<ReqdExctnDt>2023-03-14</ReqdExctnDt>
			<Dbtr>
				<Nm>Brown Industries</Nm>
			</Dbtr>
			<DbtrAcct>
				<Id>
					<IBAN>DE44500105175407324931</IBAN>
				</Id>
			</DbtrAcct>
			<DbtrAgt>
				<FinInstnId>
					<BIC>BANKDEFFXXX</BIC>
				</FinInstnId>
			</DbtrAgt>
			<ChrgBr>SLEV</ChrgBr>
			<CdtTrfTxInf>
				<PmtId>
					<EndToEndId>PaymentID4321</EndToEndId>
				</PmtId>
				<Amt>
					<InstdAmt Ccy="EUR">300.00</InstdAmt>
				</Amt>
				<CdtrAgt>
					<FinInstnId>
						<BIC>SPUEDE2UXXX</BIC>
					</FinInstnId>
				</CdtrAgt>
				<Cdtr>
					<Nm>Green Energy</Nm>
				</Cdtr>
				<RmtInf>
					<Ustrd>Invoice-67890</Ustrd>
				</RmtInf>
			</CdtTrfTxInf>
		</PmtInf>
		<PmtInf>
			<PmtInfId>Payment-Info-24680</PmtInfId>
			<PmtMtd>TRF</PmtMtd>
			<BtchBookg>true</BtchBookg>
			<NbOfTxs>1</NbOfTxs>
			<CtrlSum>25000</CtrlSum>
			<PmtTpInf>
				<SvcLvl>
					<Cd>SEPA</Cd>
				</SvcLvl>
			</PmtTpInf>
			<ReqdExctnDt>2023-03-13</ReqdExctnDt>
			<Dbtr>
				<Nm>Alpha Electronics</Nm>
			</Dbtr>
			<DbtrAcct>
				<Id>
					<IBAN>DE47500105175711000100</IBAN>
				</Id>
			</DbtrAcct>
			<DbtrAgt>
				<FinInstnId>
					<BIC>BANKDEFFXXX</BIC>
				</FinInstnId>
			</DbtrAgt>
			<ChrgBr>SLEV</ChrgBr>
			<CdtTrfTxInf>
				<PmtId>
					<EndToEndId>PaymentID1357</EndToEndId>
				</PmtId>
				<Amt>
					<InstdAmt Ccy="EUR">250.00</InstdAmt>
				</Amt>
				<CdtrAgt>
					<FinInstnId>
						<BIC>SPUEDE2UXXX</BIC>
					</FinInstnId>
				</CdtrAgt>
				<Cdtr>
					<Nm>Beta Chemicals</Nm>
				</Cdtr>
				<RmtInf>
					<Ustrd>Invoice-24680</Ustrd>
				</RmtInf>
			</CdtTrfTxInf>
		</PmtInf>
		<PmtInf>
			<PmtInfId>Payment-Info-24680</PmtInfId>
			<PmtMtd>TRF</PmtMtd>
			<BtchBookg>true</BtchBookg>
			<NbOfTxs>1</NbOfTxs>
			<CtrlSum>25000</CtrlSum>
			<PmtTpInf>
				<SvcLvl>
					<Cd>SEPA</Cd>
				</SvcLvl>
			</PmtTpInf>
			<ReqdExctnDt>2023-03-13</ReqdExctnDt>
			<Dbtr>
				<Nm>Alpha Electronics</Nm>
			</Dbtr>
			<DbtrAcct>
				<Id>
					<IBAN>DE47500105175711000100</IBAN>
				</Id>
			</DbtrAcct>
			<DbtrAgt>
				<FinInstnId>
					<BIC>BANKDEFFXXX</BIC>
				</FinInstnId>
			</DbtrAgt>
			<ChrgBr>SLEV</ChrgBr>
			<CdtTrfTxInf>
				<PmtId>
					<EndToEndId>PaymentID1357</EndToEndId>
				</PmtId>
				<Amt>
					<InstdAmt Ccy="EUR">250.00</InstdAmt>
				</Amt>
				<CdtrAgt>
					<FinInstnId>
						<BIC>SPUEDE2UXXX</BIC>
					</FinInstnId>
				</CdtrAgt>
				<Cdtr>
					<Nm>Beta Chemicals</Nm>
				</Cdtr>
				<RmtInf>
					<Ustrd>Invoice-24680</Ustrd>
				</RmtInf>
			</CdtTrfTxInf>
		</PmtInf>
		<PmtInf>
			<PmtInfId>Payment-Info-36912</PmtInfId>
			<PmtMtd>TRF</PmtMtd>
			<BtchBookg>true</BtchBookg>
			<NbOfTxs>2</NbOfTxs>
			<CtrlSum>20000</CtrlSum>
			<PmtTpInf>
				<SvcLvl>
					<Cd>SEPA</Cd>
				</SvcLvl>
			</PmtTpInf>
			<ReqdExctnDt>2023-03-15</ReqdExctnDt>
			<Dbtr>
				<Nm>Zeta Services</Nm>
			</Dbtr>
			<DbtrAcct>
				<Id>
					<IBAN>DE68120933300112345608</IBAN>
				</Id>
			</DbtrAcct>
			<DbtrAgt>
				<FinInstnId>
					<BIC>BANKDEFFXXX</BIC>
				</FinInstnId>
			</DbtrAgt>
			<ChrgBr>SLEV</ChrgBr>
			<CdtTrfTxInf>
				<PmtId>
					<EndToEndId>PaymentID8642</EndToEndId>
				</PmtId>
				<Amt>
					<InstdAmt Ccy="EUR">200.00</InstdAmt>
				</Amt>
				<CdtrAgt>
					<FinInstnId>
						<BIC>SPUEDE2UXXX</BIC>
					</FinInstnId>
				</CdtrAgt>
				<Cdtr>
					<Nm>Theta Solutions</Nm>
				</Cdtr>
				<RmtInf>
					<Ustrd>Invoice-36912</Ustrd>
				</RmtInf>
			</CdtTrfTxInf>
		</PmtInf>
		<PmtInf>
			<PmtInfId>Payment-Info-36912</PmtInfId>
			<PmtMtd>TRF</PmtMtd>
			<BtchBookg>true</BtchBookg>
			<NbOfTxs>2</NbOfTxs>
			<CtrlSum>20000</CtrlSum>
			<PmtTpInf>
				<SvcLvl>
					<Cd>SEPA</Cd>
				</SvcLvl>
			</PmtTpInf>
			<ReqdExctnDt>2023-03-15</ReqdExctnDt>
			<Dbtr>
				<Nm>Zeta Services</Nm>
			</Dbtr>
			<DbtrAcct>
				<Id>
					<IBAN>DE68120933300112345608</IBAN>
				</Id>
			</DbtrAcct>
			<DbtrAgt>
				<FinInstnId>
					<BIC>BANKDEFFXXX</BIC>
				</FinInstnId>
			</DbtrAgt>
			<ChrgBr>SLEV</ChrgBr>
			<CdtTrfTxInf>
				<PmtId>
					<EndToEndId>PaymentID8642</EndToEndId>
				</PmtId>
				<Amt>
					<InstdAmt Ccy="EUR">200.00</InstdAmt>
				</Amt>
				<CdtrAgt>
					<FinInstnId>
						<BIC>SPUEDE2UXXX</BIC>
					</FinInstnId>
				</CdtrAgt>
				<Cdtr>
					<Nm>Theta Solutions</Nm>
				</Cdtr>
				<RmtInf>
					<Ustrd>Invoice-36912</Ustrd>
				</RmtInf>
			</CdtTrfTxInf>
		</PmtInf>
		<PmtInf>
			<PmtInfId>Payment-Info-59162</PmtInfId>
			<PmtMtd>TRF</PmtMtd>
			<BtchBookg>true</BtchBookg>
			<NbOfTxs>3</NbOfTxs>
			<CtrlSum>22500</CtrlSum>
			<PmtTpInf>
				<SvcLvl>
					<Cd>SEPA</Cd>
				</SvcLvl>
			</PmtTpInf>
			<ReqdExctnDt>2023-03-16</ReqdExctnDt>
			<Dbtr>
				<Nm>Smart Solutions</Nm>
			</Dbtr>
			<DbtrAcct>
				<Id>
					<IBAN>DE86500105174603245678</IBAN>
				</Id>
			</DbtrAcct>
			<DbtrAgt>
				<FinInstnId>
					<BIC>BANKDEFFXXX</BIC>
				</FinInstnId>
			</DbtrAgt>
			<ChrgBr>SLEV</ChrgBr>
			<CdtTrfTxInf>
				<PmtId>
					<EndToEndId>PaymentID4815</EndToEndId>
				</PmtId>
				<Amt>
					<InstdAmt Ccy="EUR">225.00</InstdAmt>
				</Amt>
				<CdtrAgt>
					<FinInstnId>
						<BIC>SPUEDE2UXXX</BIC>
					</FinInstnId>
				</CdtrAgt>
				<Cdtr>
					<Nm>Eco Innovations</Nm>
				</Cdtr>
				<RmtInf>
					<Ustrd>Invoice-59162</Ustrd>
				</RmtInf>
			</CdtTrfTxInf>
		</PmtInf>
		<PmtInf>
			<PmtInfId>Payment-Info-59162</PmtInfId>
			<PmtMtd>TRF</PmtMtd>
			<BtchBookg>true</BtchBookg>
			<NbOfTxs>3</NbOfTxs>
			<CtrlSum>22500</CtrlSum>
			<PmtTpInf>
				<SvcLvl>
					<Cd>SEPA</Cd>
				</SvcLvl>
			</PmtTpInf>
			<ReqdExctnDt>2023-03-16</ReqdExctnDt>
			<Dbtr>
				<Nm>Smart Solutions</Nm>
			</Dbtr>
			<DbtrAcct>
				<Id>
					<IBAN>DE86500105174603245678</IBAN>
				</Id>
			</DbtrAcct>
			<DbtrAgt>
				<FinInstnId>
					<BIC>BANKDEFFXXX</BIC>
				</FinInstnId>
			</DbtrAgt>
			<ChrgBr>SLEV</ChrgBr>
			<CdtTrfTxInf>
				<PmtId>
					<EndToEndId>PaymentID4815</EndToEndId>
				</PmtId>
				<Amt>
					<InstdAmt Ccy="EUR">225.00</InstdAmt>
				</Amt>
				<CdtrAgt>
					<FinInstnId>
						<BIC>SPUEDE2UXXX</BIC>
					</FinInstnId>
				</CdtrAgt>
				<Cdtr>
					<Nm>Eco Innovations</Nm>
				</Cdtr>
				<RmtInf>
					<Ustrd>Invoice-59162</Ustrd>
				</RmtInf>
			</CdtTrfTxInf>
		</PmtInf>
	</CstmrCdtTrfInitn>
</Document>